@book{gtds,
  title={Mathematical theory of the Goddard trajectory determination system},
  author={Cappellari, JO and V{\'e}lez, CE and Fuchs, Arthur J},
  volume={71106},
  year={1976},
  publisher={Goddard Space Flight Center}
}

@techreport{caraHandbook,
  title={Nasa spacecraft conjunction assessment and collision avoidance best practices handbook},
  author={Krage, Frederic J},
  year={2023}
}

% TODO: include 18th vandenberg handbook reference.
% TODO: include 3d PC reference
% TODO: include BFMC reference